@Article{zapp,
  author = 	 {F.~Giannakopoulos and O.~Oster},
  title = 	{Bifurcation properties of a planar system modelling neural activity},
  journal = 	 { J. Differential Equations Dynam. Systems},
  year = 	 {1997},
  OPTkey = 	 {},
  volume = 	 {5},
  number = 	 {3/4},
  OPTpages = 	 {},
  OPTmonth = 	 {},
  OPTnote = 	 {},
  OPTannote = 	 {}
}

@TECHREPORT {homoclinic,
  AUTHOR = "Samaey, G. and Engelborghs, K. and Roose, D.",
  YEAR = {2001},
  MONTH = oct,
  TITLE = {{N}umerical computation of connecting orbits in delay differential equations },
  URL = {http://www.cs.kuleuven.ac.be/publicaties/rapporten/tw/TW329.abs.html},
  TYPE = {Report TW},
  NUMBER = {329},
  PAGES = {20},
  INSTITUTION = {Department of Computer Science, K.U.Leuven},
  ADDRESS = {Leuven, Belgium},
}

@BOOK { Argy94,
	AUTHOR = "J. Argyris and G. Faust and M. Haase",
	TITLE = "An Exploration of Chaos --- An Introduction for Natural Scientists
		 and Engineers",
	PUBLISHER = "North Holland Amsterdam",
	YEAR = 1994,
	LOCATION = "TCPW 51/W7-187"
	}

@BOOK { Azbe91,
	AUTHOR = "N. V. Azbelev and V. P. Maksimov and L. F. Rakhmatullina",
	TITLE = "Introduction to the Theory of Functional Differential Equations",
	PUBLISHER = "Nauka",
	ADDRESS	= "Moscow",
	YEAR = 1991,
	NOTE = "(in Russian)",
	}

@ARTICLE { Back92,
	AUTHOR = "A. Back and J. Guckenheimer and M. Myers and F. Wicklin and
	          P. Worfolk",
	TITLE = "{DsTool}: Computer Assisted Exploration of Dynamical Systems",
	JOURNAL = "AMS Notices",
	VOLUME = 39,
	PAGES = "303--309",
	YEAR = 1992
	}

@BOOK { Bell63,
	AUTHOR = "R. Bellman and K. L. Cooke",
	TITLE = "Differential-Difference Equations",
	SERIES = "Mathematics in science and engineering",
	VOLUME = 6,
	PUBLISHER = "{A}cademic {P}ress",
	YEAR = 1963
	}

@BOOK { Chow82,
	AUTHOR = "S.-N. Chow and J. K. Hale",
	TITLE = "Methods of Bifurcation Theory",
	YEAR = 1982,
	PUBLISHER = "Springer-Verlag"
	}

@BOOK { Diek95,
	AUTHOR = "O. Diekmann and van Gils, S. A. and Verduyn Lunel, S. M. and
	          H.-O. Walther",
	TITLE = "Delay Equations: {Functional-,} {Complex-,} and Nonlinear Analysis",
	PUBLISHER = "Springer-Verlag",
	YEAR = 1995,
	SERIES = "Applied Mathematical Sciences",
	VOLUME = 110,
	LOCATION = "TCPW 51/W7-193"
	}

@MANUAL { Doed99,
	AUTHOR = "E. J. Doedel and A. R. Champneys and T. F. Fairgrieve and
	          Y. A. Kuznetsov and B. Sandstede and X. Wang",
	NOTE = "{AUTO97}: Continuation and bifurcation software for ordinary
	        differential equations; available by {FTP} from {ftp.cs.concordia.ca}
	        in directory {pub/doedel/auto}."
	}

@BOOK { Driv77,
	AUTHOR = "R. D. Driver",
	TITLE = "Ordinary and Delay Differential Equations",
	SERIES = "Applied Mathematical Science",
	VOLUME = 20,
	PUBLISHER = "Springer-Verlag",
	YEAR = 1977
	}

@BOOK { El's73,
	AUTHOR = "L. E. El'sgol'ts and S. B. Norkin",
	TITLE = "Introduction to the Theory and Application of Differential Equations 
		 with Deviating Arguments",
	SERIES = "Mathematics in science and engineering",
	VOLUME = 105,
	PUBLISHER = "{A}cademic {P}ress",
	YEAR = 1973
	}

@ARTICLE { Enge99a,
	AUTHOR = "K. Engelborghs and D. Roose",
	TITLE = "Numerical computation of stability and detection of {H}opf 
		 bifurcations of steady state solutions of delay differential 
	         equations",
	JOURNAL = "Advances in Computational Mathematics",
	YEAR = 1999,
	VOLUME = 10,
	NUMBER = "3--4",
	PAGES = "271--289"
	}

@ARTICLE { Enge99b,
        AUTHOR = "K. Engelborghs and T. Luzyanina and in {\'{}}t Hout, K. J. 
                  and D. Roose",
        TITLE = "Collocation methods for the computation of periodic 
                 solutions of delay differential equations",
	JOURNAL = "SIAM J. Sci. Comput.",
        YEAR = 2000,
	VOLUME = 22,
	PAGES = "1593-1609"
        }

@PHDTHESIS { Enge00,
	AUTHOR = "K. Engelborghs",
	TITLE = "Numerical Bifurcation Analysis of Delay Differential Equations",
	SCHOOL = "Department of Computer Science, Katholieke Universiteit Leuven",
	ADDRESS = "Leuven, Belgium",
	YEAR = 2000,
	MONTH = may
	}

@ARTICLE { Enri97,
	AUTHOR = "W. H. Enright and H. Hayashi",
	TITLE = "A delay differential equation solver based on a continuous
		 {R}unge-{K}utta method with defect control",
	JOURNAL = "Numer. Algorithms",
	VOLUME = 16,
	YEAR = 1997,
	PAGES = "349--364"
	}

@MANUAL { Erme98,
	AUTHOR = "B. Ermentrout",
	TITLE = "{XPPAUT}3.91 - The differential equations tool",
	ORGANIZATION = "University of Pittsburgh",
	ADDRESS = "Pittsburgh",
	YEAR = "(http://www.pitt.edu/{$\sim$}phase/) 1998",
	}

@BOOK{ Guck83,
	AUTHOR = "J. Guckenheimer and P. Holmes",
	TITLE = "Nonlinear Oscillations, Dynamical Systems and Bifurcations of
	         Vector Fields",
	PUBLISHER = "Springer-Verlag New York",
	YEAR = 1983
	}

@BOOK { Hale77a,
	AUTHOR = "Hale, J. K.",
	TITLE = "Theory of Functional Differential Equations",
	PUBLISHER = "Springer-Verlag",
	YEAR = 1977,
	SERIES = "Applied Mathematical Sciences",
	VOLUME = 3,
	LOCATION = "WWIS 517.96"
	}

@BOOK { Hale93,
	AUTHOR = "J. K. Hale and Verduyn Lunel, S. M.",
	TITLE = "Introduction to Functional Differential Equations",
	PUBLISHER = "Springer-Verlag",
	SERIES = "Applied Mathematical Sciences",
	VOLUME = 99,
	YEAR = 1993,
	LOCATION = "TCPW 51/W7-197"
	}

@ARTICLE { Hong96,
	AUTHOR = "T. Hong-Jiong and K. Jiao-Xun",
	TITLE = "The numerical stability of linear multistep methods for
		 delay differential equations with many delays",
	JOURNAL = "SIAM Journal of Numerical Analysis",
	VOLUME = 33,
	NUMBER = 3,
	PAGES = "883--889",
	MONTH = jun,
	YEAR = 1996
	}

@MANUAL { Khib92,
	AUTHOR = "A. I. Khibnik and Yu. A. Kuznetsov and V. V. Levitin and E. N. 
		  Nikolaev",
	TITLE = "{LOCBIF}: Interactive Local Bifurcation Analyzer, version 2.2",
	ORGANIZATION = "Institute of Mathematical Problems in Biology, Russian Academy 
			of Sciences",
	ADDRESS = "Pushchino",
	YEAR = 1992
	}

@BOOK { Kolm86,
	AUTHOR = "V. B. Kolmanovskii and V. R. Nosov",
	TITLE = "Stability of functional differential equations",
	PUBLISHER = "Academic Press",
	YEAR = 1986,
	SERIES = "Mathematics in Science and Engineering",
	VOLUME = 180
	}		

@BOOK { Kolm92,
	AUTHOR = "V. Kolmanovskii and A. Myshkis",
	TITLE = "Applied Theory of Functional Differential Equations",
	PUBLISHER = "Kluwer Academic Publishers",
	YEAR = 1992,
	SERIES = "Mathematics and Its Applications",
	VOLUME = 85
	}

@BOOK { Kolm99,
	AUTHOR = "V. B. Kolmanovskii and A. Myshkis",
	TITLE = "Introduction to the theory and application of functional
		 differential equations",
	PUBLISHER = "Kluwer Academic Publishers",
	YEAR = 1999,
	SERIES = "Mathematics and its applications",
	VOLUME = 463
	}

@BOOK { Kuzn95,
	AUTHOR = "Yu. A. Kuznetsov",
	TITLE = "Elements of Applied Bifurcation Theory",
	PUBLISHER = "Springer-Verlag",
	YEAR = 1995,
	SERIES = "Applied Mathematical Sciences",
	VOLUME = 112,
	LOCATION = "TCPW 51/W7-195"
	}

@MANUAL { Kuzn97,
	AUTHOR = "Yu. A. Kuznetsov and V. V. Levitin",
	TITLE = "{CONTENT}: A multiplatform environment for analyzing dynamical
	         systems",
	NOTE = "Dynamical Systems Laboratory, Centrum voor Wiskunde en Informatica;
	available via {ftp.cwi.nl} in directory {pub/CONTENT}"
	}

@ARTICLE { Luzy96,
	 AUTHOR = "T. Luzyanina and D. Roose",
	 TITLE = "Numerical stability analysis and computation of {Hopf} bifurcation
		  points for delay differential equations",
	 JOURNAL = "Journal of Computational and Applied Mathematics",
	 VOLUME = 72,
	 PAGES = "379--392",
         YEAR = 1996
         }

@UNPUBLISHED { Mat00,
	AUTHOR = "The MathWorks Inc.",
	TITLE = "{MATLAB} 6.0",
	YEAR = 2001
	}

@TECHREPORT { Paul95,
	AUTHOR = "C. A. H. Paul",
	TITLE = "A user-guide to {A}rchi - an explicit {R}unge-{K}utta code for solving 
		 delay and neutral differential equations",
	NUMBER = 283,
	INSTITUTION = "The University of Manchester, Manchester Center for 
		       Computational Mathematics",
	MONTH = "December",
	YEAR = 1997
	}

@BOOK { Seyd94,
	AUTHOR = "Seydel, R.",
	TITLE = "Practical Bifurcation and Stability Analysis --- From Equilibrium to
		 Chaos",
	PUBLISHER = "Springer-Verlag Berlin",
	YEAR = 1994,
	SERIES = "Interdisciplinary Applied Mathematics",
	VOLUME = 5,
	EDITION = 2,
	LOCATION = "TCPW 51/N4-338"
	}

@UNPUBLISHED { Sham00,
	AUTHOR = "L. F. Shampine and S. Thompson",
	TITLE = "Solving delay differential equations with dde23",
	NOTE = "Submitted",
	YEAR = 2000
	}

@ARTICLE { Shay99,
	AUTHOR = "L. P. Shayer and S. A. Campbell", 
	TITLE = "Stability, bifurcation and multistability in a system of two
	         coupled neurons with multiple time delays",
	JOURNAL = "SIAM J. Applied Mathematics",
	VOLUME = 61,
	PAGES = "673--700",
	NUMBER = "2",
	YEAR = 2000
	}

@ARTICLE { Thom97,
	AUTHOR = "S. P. Corwin and D. Sarafyan and S. Thompson",
	TITLE = "{DKLAG6}: A Code Based on Continuously Imbedded Sixth Order 
		{R}unge-{K}utta Methods for the Solution of State Dependent Functional 
		Differential Equations",
	JOURNAL = "Applied Numerical Mathematics",
	VOLUME = 24,
	PAGES = "319--330",
	NUMBER = "2--3",
	YEAR = 1997
	}

@ARTICLE { Hartung97,
AUTHOR = "F. Hartung and J. Turi",
TITLE = "On differentiability of solutions with respect to parameters in state-dependent delay equations",
JOURNAL = "J. Diff. Eqns.",
VOLUME = 135,
YEAR = 1997,
PAGES = "192--237",
}

@ARTICLE { Broka90,
AUTHOR = "M. Brokate and F. Colonius",
TITLE = "Linearizing equations with state-dependent delays",
JOURNAL = "Appl. Math. Optim.",
VOLUME = 21,
YEAR = 1990,
PAGES = "45--52",
}

@ARTICLE { luz01,
AUTHOR = "T. Luzyanina and K. Engelborghs and D. Roose",
TITLE = "Numerical bifurcation analysis of differential equations with state-dependent delay",
JOURNAL = "Internat. J. Bifur. Chaos",
VOLUME = 11,
NUMBER = 3,
YEAR = 2001,
PAGES = "737--754",
}

@ARTICLE { en_d01,
AUTHOR = "K. Engelborghs and E. Doedel",
TITLE = "Stability of piecewise polynomial collocation for computing periodic solutions of delay differential equations",
JOURNAL = "Numerische Mathematik",
YEAR = 2001,
NOTE = "Accepted.",
}

@ARTICLE { engel01,
AUTHOR = "K. Engelborghs and D. Roose",
TITLE = "On stability of {LMS}-methods and characteristic roots of delay differential equations",
JOURNAL = "SIAM J. Num. Analysis",
YEAR = 2001,
NOTE = "Accepted.",
}

@TECHREPORT {tw305,
  AUTHOR = "K. Engelborghs",
  YEAR = {2000},
  TITLE = {{DDE-BIFTOOL}: a {M}atlab package for bifurcation analysis of delay differential equations},
  TYPE = {Report TW},
  NUMBER = {305},
  INSTITUTION = {Department of Computer Science, K.U.Leuven},
  ADDRESS = {Leuven, Belgium},
}
